@BOOK{DUMMY:1,
AUTHOR="John Doe",
TITLE="The Book without Title",
PUBLISHER="Dummy Publisher",
YEAR="2100",
}
@MISC{WEBSITE:1,
	HOWPUBLISHED = "\url{https://angular.io/}",
	AUTHOR = "Google",
	TITLE = "Angular",
	YEAR = "2018"
}
@MISC{WEBSITE:2,
	HOWPUBLISHED = "\url{https://nodejs.org/en/}",
	AUTHOR = "Joyent",
	TITLE = "Node.js",
	YEAR = "2018"
}
@MISC{WEBSITE:3,
	HOWPUBLISHED = "\url{https://developers.google.com/maps/documentation/javascript/}",
	AUTHOR = "Google",
	TITLE = "Google Maps JavaScript API",
	YEAR = "2018"
}
@MISC{WEBSITE:4,
	HOWPUBLISHED = "\url{https://expressjs.com/en/4x/api.html}",
	AUTHOR = "StrongLoop",
	TITLE = "Express.js",
	YEAR = "2018"
}
@MISC{WEBSITE:5,
	HOWPUBLISHED = "\url{https://www.vicroads.vic.gov.au/about-vicroads/acts-and-regulations/register-of-public-roads}",
	AUTHOR = "VicRoads",
	TITLE = "Register of public roads",
	YEAR = "2016"
}
@MISC{WEBSITE:6,
	HOWPUBLISHED = "\url{https://angular-maps.com/}",
	AUTHOR = "Sebastian Holstein",
	TITLE = "Angular Google Mapss (AGM)",
	YEAR = "2018"
}
@MISC{WEBSITE:7,
	HOWPUBLISHED = "\url{https://mdbootstrap.com/angular/}",
	AUTHOR = "MDBootstrap",
	TITLE = "Material Design for Bootstrap 4 (Angular)",
	YEAR = "2018"
}
@MISC{WEBSITE:8,
	HOWPUBLISHED = "\url{https://github.com/}",
	AUTHOR = "GitHub",
	TITLE = "GitHub",
	YEAR = "2018"
}